
@article{Dean:2015,
  title={Evaluating confidence interval methods for binomial proportions in clustered surveys},
  author={Dean, Natalie and Pagano, Marcello},
  journal={Journal of Survey Statistics and Methodology},
  volume={3},
  number={4},
  pages={484--503},
  year={2015},
  publisher={Oxford University Press}
}



@article{FayF:1997,
  title={Confidence intervals for directly standardized rates: a method based on the gamma distribution},
  author={Fay, Michael P and Feuer, Eric J},
  journal={Statistics in medicine},
  volume={16},
  number={7},
  pages={791--801},
  year={1997},
  publisher={Wiley Online Library}
}

@article{FayP:2015,
  title={Combining one-sample confidence procedures for inference in the two-sample case},
  author={Fay, Michael P and Proschan, Michael A and Brittain, Erica},
  journal={Biometrics},
  volume={71},
  number={1},
  pages={146--156},
  year={2015},
  publisher={Wiley Online Library}
}

@article{FayK:2017,
  title={Confidence intervals for directly standardized rates using mid-p gamma intervals},
  author={Fay, Michael P and Kim, Sungwook},
  journal={Biometrical Journal},
  volume={59},
  number={2},
  pages={377--387},
  year={2017},
  publisher={Wiley Online Library}
}

@article{Kali:2021,
  title={Undiagnosed SARS-CoV-2 Seropositivity During the First Six Months of the COVID-19 Pandemic in
  the United States},
  author={Kalish, Heather and Klumpp-Thomas, Carleen and Hunsberger, Sally and Baus, Holly Ann and Fay,
  Michael P and Siripong, Nalyn and Wang, Jing and Hicks, Jennifer and Mehalko, Jennifer and Travers,
  Jameson and others},
  journal={Science Translational Medicine},
  year={2021},
  publisher={American Association for the Advancement of Science}
}

@article{Korn:1998,
  title={Confidence intervals for proportions with small expected number of positive counts estimated
  from survey data},
  author={Korn, Edward L and Graubard, Barry I},
  journal={Survey Methodology},
  volume={24},
  pages={193--201},
  year={1998},
  publisher={STATISTICS CANADA}
}

@article{Lang:2014,
  title={Confidence limits for prevalence of disease adjusted for estimated sensitivity and specificity},
  author={Lang, Zsolt and Reiczigel, Jen{\H{o}}},
  journal={Preventive veterinary medicine},
  volume={113},
  number={1},
  pages={13--22},
  year={2014},
  publisher={Elsevier}
}

@article{Roga:1978,
  title={Estimating prevalence from the results of a screening test},
  author={Rogan, Walter J and Gladen, Beth},
  journal={American journal of epidemiology},
  volume={107},
  number={1},
  pages={71--76},
  year={1978},
  publisher={Oxford University Press}
}
